@ARTICLE{1335465,
  author={Avizienis, A. and Laprie, J.-C. and Randell, B. and Landwehr, C.},
  journal={IEEE Transactions on Dependable and Secure Computing}, 
  title={Basic concepts and taxonomy of dependable and secure computing}, 
  year={2004},
  volume={1},
  number={1},
  pages={11-33},
  keywords={Taxonomy;Availability;Fault tolerance;Safety;Maintenance;Communication system security;Uncertainty;Standardization;Books;Index Terms- Dependability;security;trust;faults;errors;failures;vulnerabilities;attacks;fault tolerance;fault removal;fault forecasting.},
  doi={10.1109/TDSC.2004.2}}
